@article{example_reference,
  author  = {Author Name},
  title   = {Example Title},
  journal = {Journal Name},
  year    = {2023},
  volume  = {1},
  pages   = {1-10}
}